<?xml version="1.0" encoding="UTF-8"?><collection xmlns="http://www.loc.gov/MARC21/slim"><record><leader>00446nam--2200157-i-4500</leader><controlfield tag="001">000036035</controlfield><controlfield tag="002">20161230</controlfield><controlfield tag="005">20161230201040</controlfield><controlfield tag="008">060222s1000------------r-----000-0-eng-d</controlfield><datafield ind1=" " ind2=" " tag="040"><subfield code="a">IFIN-HH</subfield></datafield><datafield ind1=" " ind2=" " tag="080"><subfield code="a">518.1:517.563</subfield></datafield><datafield ind1=" " ind2=" " tag="100"><subfield code="a">Oliveira-pinto, F</subfield></datafield><datafield ind1=" " ind2=" " tag="245"><subfield code="a">Generalized trigonometric approximation - an outline. estudos</subfield></datafield><datafield ind1=" " ind2=" " tag="260"><subfield code="a">OEIRAS, INST.GULBENKIAN DE CIENCIA, 1973, 31 p</subfield></datafield><datafield ind1=" " ind2=" " tag="852"><subfield code="a">40846</subfield><subfield code="c">518.12</subfield></datafield><datafield ind1=" " ind2=" " tag="CAT"><subfield code="a">Sys</subfield><subfield code="c">20090706</subfield><subfield code="h">065015</subfield></datafield></record></collection>